<record><leader>00000cas a22000007a 4500</leader><controlfield tag="001">11097963</controlfield><controlfield tag="008">840828d18721931iauwr ne      0    0eng d</controlfield><datafield ind1=" " ind2=" " tag="010"><subfield code="a">sn 84027366 </subfield></datafield><datafield ind1=" " ind2=" " tag="040"><subfield code="a">NPU</subfield><subfield code="b">eng</subfield><subfield code="c">NPU</subfield><subfield code="d">NPX</subfield><subfield code="d">INP</subfield><subfield code="d">OCLCQ</subfield></datafield><datafield ind1=" " ind2=" " tag="042"><subfield code="a">msc</subfield></datafield><datafield ind1="0" ind2=" " tag="130"><subfield code="a">Sibley gazette (Sibley, Iowa : 1872)</subfield></datafield><datafield ind1="1" ind2="0" tag="245"><subfield code="a">Sibley gazette.</subfield></datafield><datafield ind1="1" ind2="3" tag="246"><subfield code="a">Weekly gazette</subfield><subfield code="f">&lt;July 14, 1876&gt;</subfield></datafield><datafield ind1="1" ind2="3" tag="246"><subfield code="a">Gazette</subfield><subfield code="f">Mar. 5, 1903-Apr. 1, 1909</subfield></datafield><datafield ind1=" " ind2=" " tag="260"><subfield code="a">Sibley, Iowa :</subfield><subfield code="b">Ren. Barker,</subfield><subfield code="c">-1931.</subfield></datafield><datafield ind1=" " ind2=" " tag="300"><subfield code="a">v. :</subfield><subfield code="b">ill. ;</subfield><subfield code="c">53-65 cm.</subfield></datafield><datafield ind1=" " ind2=" " tag="310"><subfield code="a">Weekly</subfield></datafield><datafield ind1="1" ind2=" " tag="362"><subfield code="a">Began July 5, 1872.</subfield><subfield code="z">Cf. Bibl. of Iowa newspapers.</subfield></datafield><datafield ind1="0" ind2=" " tag="362"><subfield code="a">-v. 59, no. 35 (Feb. 26, 1931).</subfield></datafield><datafield ind1=" " ind2=" " tag="500"><subfield code="a">Official paper of Osceola County.</subfield></datafield><datafield ind1=" " ind2=" " tag="500"><subfield code="a">Publisher varies.</subfield></datafield><datafield ind1=" " ind2=" " tag="500"><subfield code="a">July 12-Sept. 20, 1928, issues include section called: Little Rock herald; Sept. 27, 1928-Aug. 29, 1929, issues include section called Little Rock news.</subfield></datafield><datafield ind1=" " ind2=" " tag="500"><subfield code="a">"Republican," &lt;1876&gt;.</subfield></datafield><datafield ind1=" " ind2=" " tag="515"><subfield code="a">Vol. 57, no. 1 (July 12, 1928) misdated July 8, 1928.</subfield></datafield><datafield ind1=" " ind2=" " tag="525"><subfield code="a">Includes occasional supplements.</subfield></datafield><datafield ind1=" " ind2=" " tag="588"><subfield code="a">Description based on: Vol. 1, no. 41 (Apr. 25, 1873).</subfield></datafield><datafield ind1=" " ind2=" " tag="752"><subfield code="a">United States</subfield><subfield code="b">Iowa</subfield><subfield code="c">Osceola</subfield><subfield code="d">Sibley.</subfield></datafield><datafield ind1=" " ind2=" " tag="752"><subfield code="a">United States</subfield><subfield code="b">Iowa</subfield><subfield code="c">Lyon</subfield><subfield code="d">Little Rock.</subfield></datafield><datafield ind1="0" ind2="5" tag="780"><subfield code="t">Little Rock herald</subfield><subfield code="w">(DLC)sn 87058543</subfield><subfield code="g">July 12, 1928</subfield></datafield><datafield ind1="0" ind2="7" tag="785"><subfield code="t">Osceola County tribune (Sibley, Iowa : 1882)</subfield><subfield code="w">(DLC)sn 86060125</subfield></datafield><datafield ind1="0" ind2="7" tag="785"><subfield code="t">Sibley gazette-tribune</subfield><subfield code="w">(DLC)sn 86060126</subfield></datafield><datafield ind1="1" ind2=" " tag="787"><subfield code="t">Little Rock herald</subfield></datafield><datafield ind1="1" ind2=" " tag="787"><subfield code="t">Little Rock news</subfield></datafield><datafield ind1="1" ind2=" " tag="029"><subfield code="a">AU@</subfield><subfield code="b">000023562679</subfield></datafield></record>